@article{CMS_Higgs_Discovery,
      author         = "Chatrchyan, Serguei and others",
      title          = "{Observation of a new boson at a mass of 125 GeV with the
                        CMS experiment at the LHC}",
      collaboration  = "CMS",
      journal        = "Phys. Lett.",
      volume         = "B716",
      year           = "2012",
      pages          = "30-61",
      doi            = "10.1016/j.physletb.2012.08.021",
      eprint         = "1207.7235",
      archivePrefix  = "arXiv",
      primaryClass   = "hep-ex",
      reportNumber   = "CMS-HIG-12-028, CERN-PH-EP-2012-220",
      SLACcitation   = "%%CITATION = ARXIV:1207.7235;%%"
}
@Article{CMS,
     author    = "Chatrchyan, S. and others",
     collaboration = "CMS",
     title     = "The {CMS} experiment at the {CERN} {LHC}",
     journal   = "JINST",
     volume    = "3",
     year      = "2008",
     pages     = "S08004",
     doi       = "10.1088/1748-0221/3/08/S08004",
}
@Article{HB,
     author    = "Abdullin, S. and others",
     collaboration = "CMS HCAL",
     title     = "Design, performance, and calibration of CMS hadron-barrel calorimeter wedges",
     journal   = "Eur. Phys. J.",
     volume    = "C55",
     year      = "2008",
     pages     = "159",
     doi       = "10.1140/epjc/s10052-008-0573-y",
}
@Article{HF,
     author    = "Abdullin, S. and others",
     collaboration = "CMS HCAL",
     title     = "Design, performance and calibration of the {CMS} forward calorimeter wedges",
     journal   = "Eur. Phys. J.",
     volume    = "C53",
     year      = "2008",
     pages     = "139",
     doi       = "10.1140/epjc/s10052-007-0459-4",
}
@techreport{HCALPhase1,
      author        = "Mans, J and Anderson, J and Dahmes, B and de Barbaro, P
                       and Freeman, J and Grassi, T and Hazen, E and Mans, J and
                       Ruchti, R and Schimdt, I and Shaw, T and Tully, C and
                       Whitmore, J and Yetkin, T",
      title         = "{CMS Technical Design Report for the Phase 1 Upgrade of
                       the Hadron Calorimeter}",
      number        = "CERN-LHCC-2012-015. CMS-TDR-10",
      month         = "Sep",
      year          = "2012",
      reportNumber  = "CERN-LHCC-2012-015",
      url           = "http://cds.cern.ch/record/1481837",
      note          = "Additional contact persons: Jeffrey Spalding, Fermilab,
                       spalding@cern.ch, Didier Contardo, Universite Claude
                       Bernard-Lyon I, contardo@cern.ch",
}
@Article{QIE,
      author = "{T.~Zimmerman and J.R.~Hoff}",
      title  = "The Design of a Charge-Integrating Modified Floating-Point ADC Chip",
      journal = "IEEE Journal of Solid-State Circuits",
      year   = "2004",
      volume    = "39",
      pages     = "895",
}
@INPROCEEDINGS{QIE2,
      author={Shaw, T.M. and Baumbaugh, A. and Boubekeur, A. and Elias, J.E. and Hoff, J. and Holm, S. and Los, S. and Rivetta, C. and Ronzhin, A. and Whitmore, J. and Zimmerman, T. and Yarema, R.J.},
      booktitle={Nuclear Science Symposium Conference Record, 2002 IEEE},
      title={Front end readout electronics for the CMS Hadron Calorimeter},
      year={2002},
      volume={1},
      pages={194},
      doi={10.1109/NSSMIC.2002.1239297},
}
@article{HPD,
  title = "Custom {HPD} readout for the {CMS} {HCAL}",
  journal = "Nucl. Instrum. Meth.",
  volume = "A442",
  pages = "289",
  year = "2000",
  note = "",
  issn = "0168-9002",
  doi = "10.1016/S0168-9002(99)01236-X",
  author = "P Cushman and A Heering and A Ronzhin"
}
@Article{TB96,
     author    = "Abramov, V. V. and others",
     collaboration = "CMS HCAL",
     title     = "Studies of the response of the prototype {CMS} hadron calorimeter, including magnetic field effects, to pion, electron, and muon beams",
     journal   = "Nucl. Instrum. Meth.",
     volume    = "A457",
     year      = "2001",
     pages     = "75",
     doi       = "10.1016/S0168-9002(00)00711-7",
     eprint         = "hep-ex/0007045",
     archivePrefix  = "arXiv",
     primaryClass   = "hep-ex",
     reportNumber   = "CMS-2000-003, CMS-NOTE-2000-003, UR-1593",
     doi       = "10.1016/S0168-9002(00)00711-7",
}
@Article{TB06,
     author    = "Abdullin, S. and others",
     collaboration = "CMS HCAL",
     title     = "The {CMS} barrel calorimeter response to particle beams from 2 to 350 {GeV}/$c$",
     journal   = "Eur. Phys. J.",
     volume    = "C60",
     year      = "2009",
     pages     = "359",
     doi       = "10.1140/epjc/s10052-009-1024-0",
}
@Misc{SiPMSimulation_github,
   note = {\href{https://github.com/potarf/crosstalk/tree/updates_lawrence}{\tt https://github.com/potarf/crosstalk/tree/updates\_lawrence}},
}
@Misc{LHC_view,
   note = {\href{https://www.baylor.edu/physics/index.php?id=68534}{\tt https://www.baylor.edu/physics/index.php?id=68534}},
}
@article{Davis,
      author        = "Davis, Siona Ruth",
      title         = "{Interactive Slice of the CMS detector}",
      collaboration = "CMS Collaboration",
      month         = "Aug",
      year          = "2016",
      reportNumber  = "CMS-OUTREACH-2016-027",
      url           = "https://cds.cern.ch/record/2205172",
}